%YAML 1.1
%TAG !u! tag:unity3d.com,2011:
--- !u!1001 &100100000
Prefab:
  m_ObjectHideFlags: 1
  serializedVersion: 2
  m_Modification:
    m_TransformParent: {fileID: 0}
    m_Modifications: []
    m_RemovedComponents: []
  m_ParentPrefab: {fileID: 0}
  m_RootGameObject: {fileID: 1511196955034500}
  m_IsPrefabParent: 1
--- !u!1 &1073899890308426
GameObject:
  m_ObjectHideFlags: 1
  m_PrefabParentObject: {fileID: 0}
  m_PrefabInternal: {fileID: 100100000}
  serializedVersion: 5
  m_Component:
  - component: {fileID: 4214471989821896}
  m_Layer: 8
  m_Name: Bip002 Spine2
  m_TagString: Untagged
  m_Icon: {fileID: 0}
  m_NavMeshLayer: 0
  m_StaticEditorFlags: 0
  m_IsActive: 1
--- !u!1 &1097208509404936
GameObject:
  m_ObjectHideFlags: 1
  m_PrefabParentObject: {fileID: 0}
  m_PrefabInternal: {fileID: 100100000}
  serializedVersion: 5
  m_Component:
  - component: {fileID: 4292899512078558}
  m_Layer: 8
  m_Name: Bip002 R Calf
  m_TagString: Untagged
  m_Icon: {fileID: 0}
  m_NavMeshLayer: 0
  m_StaticEditorFlags: 0
  m_IsActive: 1
--- !u!1 &1103644624145388
GameObject:
  m_ObjectHideFlags: 1
  m_PrefabParentObject: {fileID: 0}
  m_PrefabInternal: {fileID: 100100000}
  serializedVersion: 5
  m_Component:
  - component: {fileID: 4968225431862588}
  m_Layer: 8
  m_Name: Bip002 Ponytail24
  m_TagString: Untagged
  m_Icon: {fileID: 0}
  m_NavMeshLayer: 0
  m_StaticEditorFlags: 0
  m_IsActive: 1
--- !u!1 &1129448922610486
GameObject:
  m_ObjectHideFlags: 1
  m_PrefabParentObject: {fileID: 0}
  m_PrefabInternal: {fileID: 100100000}
  serializedVersion: 5
  m_Component:
  - component: {fileID: 4288986960184598}
  m_Layer: 8
  m_Name: Bip002 Ponytail23
  m_TagString: Untagged
  m_Icon: {fileID: 0}
  m_NavMeshLayer: 0
  m_StaticEditorFlags: 0
  m_IsActive: 1
--- !u!1 &1171650879860490
GameObject:
  m_ObjectHideFlags: 1
  m_PrefabParentObject: {fileID: 0}
  m_PrefabInternal: {fileID: 100100000}
  serializedVersion: 5
  m_Component:
  - component: {fileID: 4509650443038996}
  - component: {fileID: 137612769599088940}
  m_Layer: 8
  m_Name: Archaeopteryx
  m_TagString: Untagged
  m_Icon: {fileID: 0}
  m_NavMeshLayer: 0
  m_StaticEditorFlags: 0
  m_IsActive: 1
--- !u!1 &1184184613028210
GameObject:
  m_ObjectHideFlags: 1
  m_PrefabParentObject: {fileID: 0}
  m_PrefabInternal: {fileID: 100100000}
  serializedVersion: 5
  m_Component:
  - component: {fileID: 4542867319582948}
  m_Layer: 8
  m_Name: Bip002 Ponytail1
  m_TagString: Untagged
  m_Icon: {fileID: 0}
  m_NavMeshLayer: 0
  m_StaticEditorFlags: 0
  m_IsActive: 1
--- !u!1 &1191854293452220
GameObject:
  m_ObjectHideFlags: 1
  m_PrefabParentObject: {fileID: 0}
  m_PrefabInternal: {fileID: 100100000}
  serializedVersion: 5
  m_Component:
  - component: {fileID: 4428250525572440}
  m_Layer: 8
  m_Name: Bip002 Tail1
  m_TagString: Untagged
  m_Icon: {fileID: 0}
  m_NavMeshLayer: 0
  m_StaticEditorFlags: 0
  m_IsActive: 1
--- !u!1 &1210098016373738
GameObject:
  m_ObjectHideFlags: 1
  m_PrefabParentObject: {fileID: 0}
  m_PrefabInternal: {fileID: 100100000}
  serializedVersion: 5
  m_Component:
  - component: {fileID: 4437753279904352}
  m_Layer: 8
  m_Name: Bip002 L Toe0
  m_TagString: Untagged
  m_Icon: {fileID: 0}
  m_NavMeshLayer: 0
  m_StaticEditorFlags: 0
  m_IsActive: 1
--- !u!1 &1231552278731356
GameObject:
  m_ObjectHideFlags: 1
  m_PrefabParentObject: {fileID: 0}
  m_PrefabInternal: {fileID: 100100000}
  serializedVersion: 5
  m_Component:
  - component: {fileID: 4763917391406564}
  m_Layer: 8
  m_Name: Bip002 L HorseLink
  m_TagString: Untagged
  m_Icon: {fileID: 0}
  m_NavMeshLayer: 0
  m_StaticEditorFlags: 0
  m_IsActive: 1
--- !u!1 &1237095079799466
GameObject:
  m_ObjectHideFlags: 1
  m_PrefabParentObject: {fileID: 0}
  m_PrefabInternal: {fileID: 100100000}
  serializedVersion: 5
  m_Component:
  - component: {fileID: 4493159061237202}
  m_Layer: 8
  m_Name: Bip002 R Toe0Nub
  m_TagString: Untagged
  m_Icon: {fileID: 0}
  m_NavMeshLayer: 0
  m_StaticEditorFlags: 0
  m_IsActive: 1
--- !u!1 &1263541942801520
GameObject:
  m_ObjectHideFlags: 1
  m_PrefabParentObject: {fileID: 0}
  m_PrefabInternal: {fileID: 100100000}
  serializedVersion: 5
  m_Component:
  - component: {fileID: 4043330329862192}
  m_Layer: 8
  m_Name: Bip002 R Thigh
  m_TagString: Untagged
  m_Icon: {fileID: 0}
  m_NavMeshLayer: 0
  m_StaticEditorFlags: 0
  m_IsActive: 1
--- !u!1 &1279837394670414
GameObject:
  m_ObjectHideFlags: 1
  m_PrefabParentObject: {fileID: 0}
  m_PrefabInternal: {fileID: 100100000}
  serializedVersion: 5
  m_Component:
  - component: {fileID: 4785042594380418}
  m_Layer: 8
  m_Name: Bip002 Ponytail11
  m_TagString: Untagged
  m_Icon: {fileID: 0}
  m_NavMeshLayer: 0
  m_StaticEditorFlags: 0
  m_IsActive: 1
--- !u!1 &1285984604546584
GameObject:
  m_ObjectHideFlags: 1
  m_PrefabParentObject: {fileID: 0}
  m_PrefabInternal: {fileID: 100100000}
  serializedVersion: 5
  m_Component:
  - component: {fileID: 4706846450056498}
  m_Layer: 8
  m_Name: Bip002 Ponytail14
  m_TagString: Untagged
  m_Icon: {fileID: 0}
  m_NavMeshLayer: 0
  m_StaticEditorFlags: 0
  m_IsActive: 1
--- !u!1 &1290290597083436
GameObject:
  m_ObjectHideFlags: 1
  m_PrefabParentObject: {fileID: 0}
  m_PrefabInternal: {fileID: 100100000}
  serializedVersion: 5
  m_Component:
  - component: {fileID: 4438719979664320}
  m_Layer: 8
  m_Name: Bip002 Ponytail13
  m_TagString: Untagged
  m_Icon: {fileID: 0}
  m_NavMeshLayer: 0
  m_StaticEditorFlags: 0
  m_IsActive: 1
--- !u!1 &1301242203659382
GameObject:
  m_ObjectHideFlags: 1
  m_PrefabParentObject: {fileID: 0}
  m_PrefabInternal: {fileID: 100100000}
  serializedVersion: 5
  m_Component:
  - component: {fileID: 4334206660309446}
  m_Layer: 8
  m_Name: Bip002 Spine
  m_TagString: Untagged
  m_Icon: {fileID: 0}
  m_NavMeshLayer: 0
  m_StaticEditorFlags: 0
  m_IsActive: 1
--- !u!1 &1313719477455142
GameObject:
  m_ObjectHideFlags: 1
  m_PrefabParentObject: {fileID: 0}
  m_PrefabInternal: {fileID: 100100000}
  serializedVersion: 5
  m_Component:
  - component: {fileID: 4996651520417758}
  m_Layer: 8
  m_Name: Bip002 L Toe0Nub
  m_TagString: Untagged
  m_Icon: {fileID: 0}
  m_NavMeshLayer: 0
  m_StaticEditorFlags: 0
  m_IsActive: 1
--- !u!1 &1327203441028296
GameObject:
  m_ObjectHideFlags: 1
  m_PrefabParentObject: {fileID: 0}
  m_PrefabInternal: {fileID: 100100000}
  serializedVersion: 5
  m_Component:
  - component: {fileID: 4187876290706984}
  m_Layer: 8
  m_Name: Bip002 Ponytail21
  m_TagString: Untagged
  m_Icon: {fileID: 0}
  m_NavMeshLayer: 0
  m_StaticEditorFlags: 0
  m_IsActive: 1
--- !u!1 &1359180088627448
GameObject:
  m_ObjectHideFlags: 1
  m_PrefabParentObject: {fileID: 0}
  m_PrefabInternal: {fileID: 100100000}
  serializedVersion: 5
  m_Component:
  - component: {fileID: 4218629122030826}
  m_Layer: 8
  m_Name: Bip002 R HorseLink
  m_TagString: Untagged
  m_Icon: {fileID: 0}
  m_NavMeshLayer: 0
  m_StaticEditorFlags: 0
  m_IsActive: 1
--- !u!1 &1367929985584712
GameObject:
  m_ObjectHideFlags: 1
  m_PrefabParentObject: {fileID: 0}
  m_PrefabInternal: {fileID: 100100000}
  serializedVersion: 5
  m_Component:
  - component: {fileID: 4570800518035884}
  m_Layer: 8
  m_Name: Bip002
  m_TagString: Untagged
  m_Icon: {fileID: 0}
  m_NavMeshLayer: 0
  m_StaticEditorFlags: 0
  m_IsActive: 1
--- !u!1 &1401758291050486
GameObject:
  m_ObjectHideFlags: 1
  m_PrefabParentObject: {fileID: 0}
  m_PrefabInternal: {fileID: 100100000}
  serializedVersion: 5
  m_Component:
  - component: {fileID: 4570418844524854}
  m_Layer: 8
  m_Name: Bip002 Ponytail12
  m_TagString: Untagged
  m_Icon: {fileID: 0}
  m_NavMeshLayer: 0
  m_StaticEditorFlags: 0
  m_IsActive: 1
--- !u!1 &1411184395283664
GameObject:
  m_ObjectHideFlags: 1
  m_PrefabParentObject: {fileID: 0}
  m_PrefabInternal: {fileID: 100100000}
  serializedVersion: 5
  m_Component:
  - component: {fileID: 4801284729988216}
  m_Layer: 8
  m_Name: Bip002 L Thigh
  m_TagString: Untagged
  m_Icon: {fileID: 0}
  m_NavMeshLayer: 0
  m_StaticEditorFlags: 0
  m_IsActive: 1
--- !u!1 &1417160401494362
GameObject:
  m_ObjectHideFlags: 1
  m_PrefabParentObject: {fileID: 0}
  m_PrefabInternal: {fileID: 100100000}
  serializedVersion: 5
  m_Component:
  - component: {fileID: 4899756194910052}
  m_Layer: 8
  m_Name: Bip002 Neck
  m_TagString: Untagged
  m_Icon: {fileID: 0}
  m_NavMeshLayer: 0
  m_StaticEditorFlags: 0
  m_IsActive: 1
--- !u!1 &1480415152657448
GameObject:
  m_ObjectHideFlags: 1
  m_PrefabParentObject: {fileID: 0}
  m_PrefabInternal: {fileID: 100100000}
  serializedVersion: 5
  m_Component:
  - component: {fileID: 4248201983171142}
  m_Layer: 8
  m_Name: Bip002 Ponytail1Nub
  m_TagString: Untagged
  m_Icon: {fileID: 0}
  m_NavMeshLayer: 0
  m_StaticEditorFlags: 0
  m_IsActive: 1
--- !u!1 &1482361445660932
GameObject:
  m_ObjectHideFlags: 1
  m_PrefabParentObject: {fileID: 0}
  m_PrefabInternal: {fileID: 100100000}
  serializedVersion: 5
  m_Component:
  - component: {fileID: 4398856641264766}
  m_Layer: 8
  m_Name: Bip002 Head
  m_TagString: Untagged
  m_Icon: {fileID: 0}
  m_NavMeshLayer: 0
  m_StaticEditorFlags: 0
  m_IsActive: 1
--- !u!1 &1485194211613716
GameObject:
  m_ObjectHideFlags: 1
  m_PrefabParentObject: {fileID: 0}
  m_PrefabInternal: {fileID: 100100000}
  serializedVersion: 5
  m_Component:
  - component: {fileID: 4835789013551834}
  m_Layer: 8
  m_Name: Bip002 R Toe0
  m_TagString: Untagged
  m_Icon: {fileID: 0}
  m_NavMeshLayer: 0
  m_StaticEditorFlags: 0
  m_IsActive: 1
--- !u!1 &1503426204554762
GameObject:
  m_ObjectHideFlags: 1
  m_PrefabParentObject: {fileID: 0}
  m_PrefabInternal: {fileID: 100100000}
  serializedVersion: 5
  m_Component:
  - component: {fileID: 4158033607780670}
  m_Layer: 8
  m_Name: Bip002 TailNub
  m_TagString: Untagged
  m_Icon: {fileID: 0}
  m_NavMeshLayer: 0
  m_StaticEditorFlags: 0
  m_IsActive: 1
--- !u!1 &1511196955034500
GameObject:
  m_ObjectHideFlags: 0
  m_PrefabParentObject: {fileID: 0}
  m_PrefabInternal: {fileID: 100100000}
  serializedVersion: 5
  m_Component:
  - component: {fileID: 4154032480940572}
  - component: {fileID: 114574960180983158}
  - component: {fileID: 114458170053190228}
  - component: {fileID: 114386581439831440}
  - component: {fileID: 114873308481496250}
  - component: {fileID: 114679302282332924}
  - component: {fileID: 114190705899047264}
  - component: {fileID: 65783963686187860}
  - component: {fileID: 114256535294575660}
  - component: {fileID: 82404600468269590}
  - component: {fileID: 114418239836925820}
  - component: {fileID: 114762938873461964}
  - component: {fileID: 114724324299956484}
  - component: {fileID: 114410772724468758}
  - component: {fileID: 114909834660091214}
  m_Layer: 8
  m_Name: Avatar_Archaeopteryx
  m_TagString: dinosaur
  m_Icon: {fileID: 0}
  m_NavMeshLayer: 0
  m_StaticEditorFlags: 0
  m_IsActive: 1
--- !u!1 &1556364033590922
GameObject:
  m_ObjectHideFlags: 1
  m_PrefabParentObject: {fileID: 0}
  m_PrefabInternal: {fileID: 100100000}
  serializedVersion: 5
  m_Component:
  - component: {fileID: 4399759694347474}
  m_Layer: 8
  m_Name: Bip002 Neck2
  m_TagString: Untagged
  m_Icon: {fileID: 0}
  m_NavMeshLayer: 0
  m_StaticEditorFlags: 0
  m_IsActive: 1
--- !u!1 &1578867095756462
GameObject:
  m_ObjectHideFlags: 1
  m_PrefabParentObject: {fileID: 0}
  m_PrefabInternal: {fileID: 100100000}
  serializedVersion: 5
  m_Component:
  - component: {fileID: 4259010410600398}
  m_Layer: 8
  m_Name: Bip002 HeadNub
  m_TagString: Untagged
  m_Icon: {fileID: 0}
  m_NavMeshLayer: 0
  m_StaticEditorFlags: 0
  m_IsActive: 1
--- !u!1 &1618366241894280
GameObject:
  m_ObjectHideFlags: 1
  m_PrefabParentObject: {fileID: 0}
  m_PrefabInternal: {fileID: 100100000}
  serializedVersion: 5
  m_Component:
  - component: {fileID: 4830852973796650}
  m_Layer: 8
  m_Name: Bip002 Neck1
  m_TagString: Untagged
  m_Icon: {fileID: 0}
  m_NavMeshLayer: 0
  m_StaticEditorFlags: 0
  m_IsActive: 1
--- !u!1 &1638338809201412
GameObject:
  m_ObjectHideFlags: 1
  m_PrefabParentObject: {fileID: 0}
  m_PrefabInternal: {fileID: 100100000}
  serializedVersion: 5
  m_Component:
  - component: {fileID: 4090498866784108}
  m_Layer: 8
  m_Name: Bip002 Tail
  m_TagString: Untagged
  m_Icon: {fileID: 0}
  m_NavMeshLayer: 0
  m_StaticEditorFlags: 0
  m_IsActive: 1
--- !u!1 &1655776389120332
GameObject:
  m_ObjectHideFlags: 1
  m_PrefabParentObject: {fileID: 0}
  m_PrefabInternal: {fileID: 100100000}
  serializedVersion: 5
  m_Component:
  - component: {fileID: 4261302028834668}
  m_Layer: 8
  m_Name: Bip002 Tail2
  m_TagString: Untagged
  m_Icon: {fileID: 0}
  m_NavMeshLayer: 0
  m_StaticEditorFlags: 0
  m_IsActive: 1
--- !u!1 &1693693575258942
GameObject:
  m_ObjectHideFlags: 1
  m_PrefabParentObject: {fileID: 0}
  m_PrefabInternal: {fileID: 100100000}
  serializedVersion: 5
  m_Component:
  - component: {fileID: 4302964723254224}
  m_Layer: 8
  m_Name: Bip002 Pelvis
  m_TagString: Untagged
  m_Icon: {fileID: 0}
  m_NavMeshLayer: 0
  m_StaticEditorFlags: 0
  m_IsActive: 1
--- !u!1 &1694664249178238
GameObject:
  m_ObjectHideFlags: 1
  m_PrefabParentObject: {fileID: 0}
  m_PrefabInternal: {fileID: 100100000}
  serializedVersion: 5
  m_Component:
  - component: {fileID: 4065981173858974}
  m_Layer: 8
  m_Name: Bip002 Ponytail2
  m_TagString: Untagged
  m_Icon: {fileID: 0}
  m_NavMeshLayer: 0
  m_StaticEditorFlags: 0
  m_IsActive: 1
--- !u!1 &1744221065563954
GameObject:
  m_ObjectHideFlags: 1
  m_PrefabParentObject: {fileID: 0}
  m_PrefabInternal: {fileID: 100100000}
  serializedVersion: 5
  m_Component:
  - component: {fileID: 4458398911557276}
  m_Layer: 8
  m_Name: Bip002 Ponytail22
  m_TagString: Untagged
  m_Icon: {fileID: 0}
  m_NavMeshLayer: 0
  m_StaticEditorFlags: 0
  m_IsActive: 1
--- !u!1 &1781271071238218
GameObject:
  m_ObjectHideFlags: 1
  m_PrefabParentObject: {fileID: 0}
  m_PrefabInternal: {fileID: 100100000}
  serializedVersion: 5
  m_Component:
  - component: {fileID: 4570001999560320}
  m_Layer: 8
  m_Name: Bip002 Ponytail2Nub
  m_TagString: Untagged
  m_Icon: {fileID: 0}
  m_NavMeshLayer: 0
  m_StaticEditorFlags: 0
  m_IsActive: 1
--- !u!1 &1794290580866780
GameObject:
  m_ObjectHideFlags: 1
  m_PrefabParentObject: {fileID: 0}
  m_PrefabInternal: {fileID: 100100000}
  serializedVersion: 5
  m_Component:
  - component: {fileID: 4416949306773276}
  m_Layer: 8
  m_Name: Bip002 R Foot
  m_TagString: Untagged
  m_Icon: {fileID: 0}
  m_NavMeshLayer: 0
  m_StaticEditorFlags: 0
  m_IsActive: 1
--- !u!1 &1804637364405280
GameObject:
  m_ObjectHideFlags: 0
  m_PrefabParentObject: {fileID: 0}
  m_PrefabInternal: {fileID: 100100000}
  serializedVersion: 5
  m_Component:
  - component: {fileID: 4856345198288732}
  - component: {fileID: 95203243479928090}
  m_Layer: 8
  m_Name: Archaeopteryx_Morpher
  m_TagString: Untagged
  m_Icon: {fileID: 0}
  m_NavMeshLayer: 0
  m_StaticEditorFlags: 0
  m_IsActive: 1
--- !u!1 &1855381543986154
GameObject:
  m_ObjectHideFlags: 1
  m_PrefabParentObject: {fileID: 0}
  m_PrefabInternal: {fileID: 100100000}
  serializedVersion: 5
  m_Component:
  - component: {fileID: 4379968526510992}
  m_Layer: 8
  m_Name: Bip002 L Foot
  m_TagString: Untagged
  m_Icon: {fileID: 0}
  m_NavMeshLayer: 0
  m_StaticEditorFlags: 0
  m_IsActive: 1
--- !u!1 &1887223546775278
GameObject:
  m_ObjectHideFlags: 1
  m_PrefabParentObject: {fileID: 0}
  m_PrefabInternal: {fileID: 100100000}
  serializedVersion: 5
  m_Component:
  - component: {fileID: 4393305120111306}
  m_Layer: 8
  m_Name: Bip002 L Calf
  m_TagString: Untagged
  m_Icon: {fileID: 0}
  m_NavMeshLayer: 0
  m_StaticEditorFlags: 0
  m_IsActive: 1
--- !u!1 &1953513199441586
GameObject:
  m_ObjectHideFlags: 1
  m_PrefabParentObject: {fileID: 0}
  m_PrefabInternal: {fileID: 100100000}
  serializedVersion: 5
  m_Component:
  - component: {fileID: 4721501977573766}
  m_Layer: 8
  m_Name: Bip002 Spine1
  m_TagString: Untagged
  m_Icon: {fileID: 0}
  m_NavMeshLayer: 0
  m_StaticEditorFlags: 0
  m_IsActive: 1
--- !u!1 &1967290429465870
GameObject:
  m_ObjectHideFlags: 0
  m_PrefabParentObject: {fileID: 0}
  m_PrefabInternal: {fileID: 100100000}
  serializedVersion: 5
  m_Component:
  - component: {fileID: 4970417729514782}
  - component: {fileID: 23668500956590424}
  - component: {fileID: 102971201426815090}
  m_Layer: 8
  m_Name: SpeechToTextOutput
  m_TagString: Untagged
  m_Icon: {fileID: 0}
  m_NavMeshLayer: 0
  m_StaticEditorFlags: 0
  m_IsActive: 1
--- !u!4 &4043330329862192
Transform:
  m_ObjectHideFlags: 1
  m_PrefabParentObject: {fileID: 0}
  m_PrefabInternal: {fileID: 100100000}
  m_GameObject: {fileID: 1263541942801520}
  m_LocalRotation: {x: 0.71755195, y: -0.6809752, z: 0.14619778, w: 0.004267136}
  m_LocalPosition: {x: 0.038047448, y: -0.023014799, z: -0.085331}
  m_LocalScale: {x: 1.0000001, y: 1.0000001, z: 1.0000001}
  m_Children:
  - {fileID: 4292899512078558}
  m_Father: {fileID: 4334206660309446}
  m_RootOrder: 1
  m_LocalEulerAnglesHint: {x: 0, y: 0, z: 0}
--- !u!4 &4065981173858974
Transform:
  m_ObjectHideFlags: 1
  m_PrefabParentObject: {fileID: 0}
  m_PrefabInternal: {fileID: 100100000}
  m_GameObject: {fileID: 1694664249178238}
  m_LocalRotation: {x: 0.8323924, y: 0.15039952, z: 0.52898324, w: -0.06840779}
  m_LocalPosition: {x: -0.019998282, y: -0.018934198, z: -0.091433816}
  m_LocalScale: {x: 1, y: 1, z: 1}
  m_Children:
  - {fileID: 4187876290706984}
  m_Father: {fileID: 4214471989821896}
  m_RootOrder: 2
  m_LocalEulerAnglesHint: {x: 0, y: 0, z: 0}
--- !u!4 &4090498866784108
Transform:
  m_ObjectHideFlags: 1
  m_PrefabParentObject: {fileID: 0}
  m_PrefabInternal: {fileID: 100100000}
  m_GameObject: {fileID: 1638338809201412}
  m_LocalRotation: {x: -4.6016678e-14, y: -0.0000026679977, z: 0.96192575, w: 0.27331102}
  m_LocalPosition: {x: 0.07761428, y: -0.0797036, z: -0.000000087168075}
  m_LocalScale: {x: 1.0000001, y: 1, z: 1.0000001}
  m_Children:
  - {fileID: 4428250525572440}
  m_Father: {fileID: 4334206660309446}
  m_RootOrder: 3
  m_LocalEulerAnglesHint: {x: 0, y: 0, z: 0}
--- !u!4 &4154032480940572
Transform:
  m_ObjectHideFlags: 1
  m_PrefabParentObject: {fileID: 0}
  m_PrefabInternal: {fileID: 100100000}
  m_GameObject: {fileID: 1511196955034500}
  m_LocalRotation: {x: -0, y: 0.8955037, z: -0, w: -0.44505414}
  m_LocalPosition: {x: 2.693, y: -0.006, z: -1.237}
  m_LocalScale: {x: 1, y: 1, z: 1}
  m_Children:
  - {fileID: 4856345198288732}
  - {fileID: 4970417729514782}
  m_Father: {fileID: 0}
  m_RootOrder: 0
  m_LocalEulerAnglesHint: {x: 0, y: 232.854, z: 0}
--- !u!4 &4158033607780670
Transform:
  m_ObjectHideFlags: 1
  m_PrefabParentObject: {fileID: 0}
  m_PrefabInternal: {fileID: 100100000}
  m_GameObject: {fileID: 1503426204554762}
  m_LocalRotation: {x: 0.7073882, y: -0.7068252, z: -0.0000009802253, w: -0.0000009810061}
  m_LocalPosition: {x: -0.094788656, y: 0, z: 0}
  m_LocalScale: {x: 1.0000001, y: 1.0000001, z: 1}
  m_Children: []
  m_Father: {fileID: 4261302028834668}
  m_RootOrder: 0
  m_LocalEulerAnglesHint: {x: 0, y: 0, z: 0}
--- !u!4 &4187876290706984
Transform:
  m_ObjectHideFlags: 1
  m_PrefabParentObject: {fileID: 0}
  m_PrefabInternal: {fileID: 100100000}
  m_GameObject: {fileID: 1327203441028296}
  m_LocalRotation: {x: -0.032436542, y: 0.2748509, z: -0.19079216, w: 0.9418085}
  m_LocalPosition: {x: -0.108992964, y: -0.00008741021, z: 0.00001564622}
  m_LocalScale: {x: 1.0000001, y: 0.99999994, z: 1}
  m_Children:
  - {fileID: 4458398911557276}
  m_Father: {fileID: 4065981173858974}
  m_RootOrder: 0
  m_LocalEulerAnglesHint: {x: 0, y: 0, z: 0}
--- !u!4 &4214471989821896
Transform:
  m_ObjectHideFlags: 1
  m_PrefabParentObject: {fileID: 0}
  m_PrefabInternal: {fileID: 100100000}
  m_GameObject: {fileID: 1073899890308426}
  m_LocalRotation: {x: 6.324371e-14, y: -0.00000036202772, z: 0.13052624, w: 0.9914449}
  m_LocalPosition: {x: -0.07097167, y: -0.000054620206, z: -1.5148771e-10}
  m_LocalScale: {x: 1, y: 1, z: 1}
  m_Children:
  - {fileID: 4899756194910052}
  - {fileID: 4542867319582948}
  - {fileID: 4065981173858974}
  m_Father: {fileID: 4721501977573766}
  m_RootOrder: 0
  m_LocalEulerAnglesHint: {x: 0, y: 0, z: 0}
--- !u!4 &4218629122030826
Transform:
  m_ObjectHideFlags: 1
  m_PrefabParentObject: {fileID: 0}
  m_PrefabInternal: {fileID: 100100000}
  m_GameObject: {fileID: 1359180088627448}
  m_LocalRotation: {x: 0.00000003300757, y: -0.0000000046698467, z: -0.5935258, w: 0.80481493}
  m_LocalPosition: {x: -0.11401089, y: -0.000000007450581, z: -0.000000007450581}
  m_LocalScale: {x: 1, y: 1, z: 1}
  m_Children:
  - {fileID: 4416949306773276}
  m_Father: {fileID: 4292899512078558}
  m_RootOrder: 0
  m_LocalEulerAnglesHint: {x: 0, y: 0, z: 0}
--- !u!4 &4248201983171142
Transform:
  m_ObjectHideFlags: 1
  m_PrefabParentObject: {fileID: 0}
  m_PrefabInternal: {fileID: 100100000}
  m_GameObject: {fileID: 1480415152657448}
  m_LocalRotation: {x: 0.7073882, y: -0.7068252, z: -0.0000009829416, w: -0.0000009874254}
  m_LocalPosition: {x: -0.16985738, y: 0.000000007450581, z: 0}
  m_LocalScale: {x: 1, y: 1.0000001, z: 1.0000001}
  m_Children: []
  m_Father: {fileID: 4706846450056498}
  m_RootOrder: 0
  m_LocalEulerAnglesHint: {x: 0, y: 0, z: 0}
--- !u!4 &4259010410600398
Transform:
  m_ObjectHideFlags: 1
  m_PrefabParentObject: {fileID: 0}
  m_PrefabInternal: {fileID: 100100000}
  m_GameObject: {fileID: 1578867095756462}
  m_LocalRotation: {x: -3.0309485e-14, y: -1.7763568e-15, z: -5.684342e-14, w: 1}
  m_LocalPosition: {x: -0.19401008, y: 0.000000014901161, z: 0}
  m_LocalScale: {x: 1, y: 1, z: 1}
  m_Children: []
  m_Father: {fileID: 4398856641264766}
  m_RootOrder: 0
  m_LocalEulerAnglesHint: {x: 0, y: 0, z: 0}
--- !u!4 &4261302028834668
Transform:
  m_ObjectHideFlags: 1
  m_PrefabParentObject: {fileID: 0}
  m_PrefabInternal: {fileID: 100100000}
  m_GameObject: {fileID: 1655776389120332}
  m_LocalRotation: {x: -1.8289165e-13, y: -0.00000020697695, z: 0.0746239, w: 0.99721175}
  m_LocalPosition: {x: -0.09477742, y: -0.000074625015, z: -2.0691004e-10}
  m_LocalScale: {x: 0.9999999, y: 0.9999999, z: 1}
  m_Children:
  - {fileID: 4158033607780670}
  m_Father: {fileID: 4428250525572440}
  m_RootOrder: 0
  m_LocalEulerAnglesHint: {x: 0, y: 0, z: 0}
--- !u!4 &4288986960184598
Transform:
  m_ObjectHideFlags: 1
  m_PrefabParentObject: {fileID: 0}
  m_PrefabInternal: {fileID: 100100000}
  m_GameObject: {fileID: 1129448922610486}
  m_LocalRotation: {x: 0.005549731, y: -0.025573697, z: 0.19332191, w: 0.9807863}
  m_LocalPosition: {x: -0.0710454, y: -0.0000615865, z: -0.000000059604645}
  m_LocalScale: {x: 1.0000001, y: 1, z: 0.99999994}
  m_Children:
  - {fileID: 4968225431862588}
  m_Father: {fileID: 4458398911557276}
  m_RootOrder: 0
  m_LocalEulerAnglesHint: {x: 0, y: 0, z: 0}
--- !u!4 &4292899512078558
Transform:
  m_ObjectHideFlags: 1
  m_PrefabParentObject: {fileID: 0}
  m_PrefabInternal: {fileID: 100100000}
  m_GameObject: {fileID: 1097208509404936}
  m_LocalRotation: {x: -0.000000015808123, y: 0.0000000012798864, z: 0.7087691, w: 0.7054406}
  m_LocalPosition: {x: -0.092192575, y: -0.000000014901161, z: 0}
  m_LocalScale: {x: 1, y: 1.0000001, z: 1}
  m_Children:
  - {fileID: 4218629122030826}
  m_Father: {fileID: 4043330329862192}
  m_RootOrder: 0
  m_LocalEulerAnglesHint: {x: 0, y: 0, z: 0}
--- !u!4 &4302964723254224
Transform:
  m_ObjectHideFlags: 1
  m_PrefabParentObject: {fileID: 0}
  m_PrefabInternal: {fileID: 100100000}
  m_GameObject: {fileID: 1693693575258942}
  m_LocalRotation: {x: -0.6903449, y: 0.15304558, z: 0.15304631, w: 0.6903462}
  m_LocalPosition: {x: -0, y: 0, z: 0}
  m_LocalScale: {x: 1, y: 1, z: 1}
  m_Children:
  - {fileID: 4334206660309446}
  m_Father: {fileID: 4570800518035884}
  m_RootOrder: 0
  m_LocalEulerAnglesHint: {x: 0, y: 0, z: 0}
--- !u!4 &4334206660309446
Transform:
  m_ObjectHideFlags: 1
  m_PrefabParentObject: {fileID: 0}
  m_PrefabInternal: {fileID: 100100000}
  m_GameObject: {fileID: 1301242203659382}
  m_LocalRotation: {x: -0.0000019907166, y: 0.0000006090066, z: 0.13013135, w: 0.9914968}
  m_LocalPosition: {x: -0.042697847, y: 0.012417436, z: -0.000000071857215}
  m_LocalScale: {x: 1, y: 1, z: 1}
  m_Children:
  - {fileID: 4801284729988216}
  - {fileID: 4043330329862192}
  - {fileID: 4721501977573766}
  - {fileID: 4090498866784108}
  m_Father: {fileID: 4302964723254224}
  m_RootOrder: 0
  m_LocalEulerAnglesHint: {x: 0, y: 0, z: 0}
--- !u!4 &4379968526510992
Transform:
  m_ObjectHideFlags: 1
  m_PrefabParentObject: {fileID: 0}
  m_PrefabInternal: {fileID: 100100000}
  m_GameObject: {fileID: 1855381543986154}
  m_LocalRotation: {x: -0.03053212, y: 0.006527343, z: 0.22281076, w: 0.97436166}
  m_LocalPosition: {x: -0.07580476, y: 0, z: 0}
  m_LocalScale: {x: 1.0000002, y: 1, z: 1.0000001}
  m_Children:
  - {fileID: 4437753279904352}
  m_Father: {fileID: 4763917391406564}
  m_RootOrder: 0
  m_LocalEulerAnglesHint: {x: 0, y: 0, z: 0}
--- !u!4 &4393305120111306
Transform:
  m_ObjectHideFlags: 1
  m_PrefabParentObject: {fileID: 0}
  m_PrefabInternal: {fileID: 100100000}
  m_GameObject: {fileID: 1887223546775278}
  m_LocalRotation: {x: 0.0000000013511848, y: -0.000000014484838, z: 0.7087691, w: 0.7054406}
  m_LocalPosition: {x: -0.092192575, y: 0, z: 0}
  m_LocalScale: {x: 1, y: 1.0000001, z: 1.0000001}
  m_Children:
  - {fileID: 4763917391406564}
  m_Father: {fileID: 4801284729988216}
  m_RootOrder: 0
  m_LocalEulerAnglesHint: {x: 0, y: 0, z: 0}
--- !u!4 &4398856641264766
Transform:
  m_ObjectHideFlags: 1
  m_PrefabParentObject: {fileID: 0}
  m_PrefabInternal: {fileID: 100100000}
  m_GameObject: {fileID: 1482361445660932}
  m_LocalRotation: {x: 6.2065065e-14, y: 0.000000056139402, z: -0.02023993, w: 0.99979514}
  m_LocalPosition: {x: -0.019599646, y: 0.000000014901161, z: 2.842171e-14}
  m_LocalScale: {x: 1, y: 1, z: 1}
  m_Children:
  - {fileID: 4259010410600398}
  m_Father: {fileID: 4399759694347474}
  m_RootOrder: 0
  m_LocalEulerAnglesHint: {x: 0, y: 0, z: 0}
--- !u!4 &4399759694347474
Transform:
  m_ObjectHideFlags: 1
  m_PrefabParentObject: {fileID: 0}
  m_PrefabInternal: {fileID: 100100000}
  m_GameObject: {fileID: 1556364033590922}
  m_LocalRotation: {x: -1.5623928e-13, y: -0.00000018031682, z: 0.06501183, w: 0.9978845}
  m_LocalPosition: {x: -0.01959765, y: -0.000015482306, z: -4.2959414e-11}
  m_LocalScale: {x: 0.99999994, y: 1, z: 1}
  m_Children:
  - {fileID: 4398856641264766}
  m_Father: {fileID: 4830852973796650}
  m_RootOrder: 0
  m_LocalEulerAnglesHint: {x: 0, y: 0, z: 0}
--- !u!4 &4416949306773276
Transform:
  m_ObjectHideFlags: 1
  m_PrefabParentObject: {fileID: 0}
  m_PrefabInternal: {fileID: 100100000}
  m_GameObject: {fileID: 1794290580866780}
  m_LocalRotation: {x: 0.030532107, y: -0.00652742, z: 0.22281079, w: 0.9743616}
  m_LocalPosition: {x: -0.07580475, y: 0.0000000037252903, z: 0.000000007450581}
  m_LocalScale: {x: 1.0000001, y: 1.0000001, z: 1.0000001}
  m_Children:
  - {fileID: 4835789013551834}
  m_Father: {fileID: 4218629122030826}
  m_RootOrder: 0
  m_LocalEulerAnglesHint: {x: 0, y: 0, z: 0}
--- !u!4 &4428250525572440
Transform:
  m_ObjectHideFlags: 1
  m_PrefabParentObject: {fileID: 0}
  m_PrefabInternal: {fileID: 100100000}
  m_GameObject: {fileID: 1191854293452220}
  m_LocalRotation: {x: 3.200328e-14, y: -0.00000020697681, z: 0.074623875, w: 0.99721175}
  m_LocalPosition: {x: -0.094777375, y: -0.00007459521, z: -2.0691004e-10}
  m_LocalScale: {x: 1, y: 1, z: 1}
  m_Children:
  - {fileID: 4261302028834668}
  m_Father: {fileID: 4090498866784108}
  m_RootOrder: 0
  m_LocalEulerAnglesHint: {x: 0, y: 0, z: 0}
--- !u!4 &4437753279904352
Transform:
  m_ObjectHideFlags: 1
  m_PrefabParentObject: {fileID: 0}
  m_PrefabInternal: {fileID: 100100000}
  m_GameObject: {fileID: 1210098016373738}
  m_LocalRotation: {x: -0.000000015454312, y: 0.000000015454313, z: -0.7071068, w: 0.7071068}
  m_LocalPosition: {x: -0.041036155, y: 0.060611352, z: -0.000000014901161}
  m_LocalScale: {x: 1.0000001, y: 1.0000001, z: 1.0000001}
  m_Children:
  - {fileID: 4996651520417758}
  m_Father: {fileID: 4379968526510992}
  m_RootOrder: 0
  m_LocalEulerAnglesHint: {x: 0, y: 0, z: 0}
--- !u!4 &4438719979664320
Transform:
  m_ObjectHideFlags: 1
  m_PrefabParentObject: {fileID: 0}
  m_PrefabInternal: {fileID: 100100000}
  m_GameObject: {fileID: 1290290597083436}
  m_LocalRotation: {x: -0.0055497303, y: 0.025572635, z: 0.19332205, w: 0.9807863}
  m_LocalPosition: {x: -0.07104537, y: -0.0000615716, z: 0.000000059604645}
  m_LocalScale: {x: 0.99999994, y: 1, z: 0.99999994}
  m_Children:
  - {fileID: 4706846450056498}
  m_Father: {fileID: 4570418844524854}
  m_RootOrder: 0
  m_LocalEulerAnglesHint: {x: 0, y: 0, z: 0}
--- !u!4 &4458398911557276
Transform:
  m_ObjectHideFlags: 1
  m_PrefabParentObject: {fileID: 0}
  m_PrefabInternal: {fileID: 100100000}
  m_GameObject: {fileID: 1744221065563954}
  m_LocalRotation: {x: -0.030284896, y: -0.29980585, z: 0.056195546, w: 0.9518621}
  m_LocalPosition: {x: -0.11865178, y: -0.000056117773, z: 0.0000052452087}
  m_LocalScale: {x: 1, y: 1.0000001, z: 1}
  m_Children:
  - {fileID: 4288986960184598}
  m_Father: {fileID: 4187876290706984}
  m_RootOrder: 0
  m_LocalEulerAnglesHint: {x: 0, y: 0, z: 0}
--- !u!4 &4493159061237202
Transform:
  m_ObjectHideFlags: 1
  m_PrefabParentObject: {fileID: 0}
  m_PrefabInternal: {fileID: 100100000}
  m_GameObject: {fileID: 1237095079799466}
  m_LocalRotation: {x: 1.7763568e-15, y: 0.0000000149011585, z: -3.5527137e-15, w: 1}
  m_LocalPosition: {x: -0.056970753, y: 0, z: 0}
  m_LocalScale: {x: 1, y: 1, z: 1}
  m_Children: []
  m_Father: {fileID: 4835789013551834}
  m_RootOrder: 0
  m_LocalEulerAnglesHint: {x: 0, y: 0, z: 0}
--- !u!4 &4509650443038996
Transform:
  m_ObjectHideFlags: 1
  m_PrefabParentObject: {fileID: 0}
  m_PrefabInternal: {fileID: 100100000}
  m_GameObject: {fileID: 1171650879860490}
  m_LocalRotation: {x: -0.7071068, y: 0, z: -0, w: 0.7071068}
  m_LocalPosition: {x: 0.018611955, y: -0.00080001354, z: -0.0034373477}
  m_LocalScale: {x: 1, y: 1, z: 1}
  m_Children: []
  m_Father: {fileID: 4856345198288732}
  m_RootOrder: 0
  m_LocalEulerAnglesHint: {x: 0, y: 0, z: 0}
--- !u!4 &4542867319582948
Transform:
  m_ObjectHideFlags: 1
  m_PrefabParentObject: {fileID: 0}
  m_PrefabInternal: {fileID: 100100000}
  m_GameObject: {fileID: 1184184613028210}
  m_LocalRotation: {x: 0.83239245, y: 0.15040243, z: -0.5289824, w: 0.06840786}
  m_LocalPosition: {x: -0.019998282, y: -0.01893469, z: 0.09143378}
  m_LocalScale: {x: 0.99999994, y: 1.0000001, z: 1}
  m_Children:
  - {fileID: 4785042594380418}
  m_Father: {fileID: 4214471989821896}
  m_RootOrder: 1
  m_LocalEulerAnglesHint: {x: 0, y: 0, z: 0}
--- !u!4 &4570001999560320
Transform:
  m_ObjectHideFlags: 1
  m_PrefabParentObject: {fileID: 0}
  m_PrefabInternal: {fileID: 100100000}
  m_GameObject: {fileID: 1781271071238218}
  m_LocalRotation: {x: 0.7073882, y: -0.7068252, z: -0.0000009803042, w: -0.000000979524}
  m_LocalPosition: {x: -0.16985756, y: 0, z: 0}
  m_LocalScale: {x: 1, y: 1.0000001, z: 1}
  m_Children: []
  m_Father: {fileID: 4968225431862588}
  m_RootOrder: 0
  m_LocalEulerAnglesHint: {x: 0, y: 0, z: 0}
--- !u!4 &4570418844524854
Transform:
  m_ObjectHideFlags: 1
  m_PrefabParentObject: {fileID: 0}
  m_PrefabInternal: {fileID: 100100000}
  m_GameObject: {fileID: 1401758291050486}
  m_LocalRotation: {x: 0.030284904, y: 0.29980555, z: 0.056197174, w: 0.95186204}
  m_LocalPosition: {x: -0.11865184, y: -0.000056162477, z: -0.0000052154064}
  m_LocalScale: {x: 1, y: 1, z: 1}
  m_Children:
  - {fileID: 4438719979664320}
  m_Father: {fileID: 4785042594380418}
  m_RootOrder: 0
  m_LocalEulerAnglesHint: {x: 0, y: 0, z: 0}
--- !u!4 &4570800518035884
Transform:
  m_ObjectHideFlags: 1
  m_PrefabParentObject: {fileID: 0}
  m_PrefabInternal: {fileID: 100100000}
  m_GameObject: {fileID: 1367929985584712}
  m_LocalRotation: {x: -0.00000047078484, y: 0.7071068, z: 0.7071068, w: 0.00000047078484}
  m_LocalPosition: {x: -0, y: 0.26073593, z: 0}
  m_LocalScale: {x: 0.9999998, y: 0.9999998, z: 1}
  m_Children:
  - {fileID: 4302964723254224}
  m_Father: {fileID: 4856345198288732}
  m_RootOrder: 1
  m_LocalEulerAnglesHint: {x: 0, y: 0, z: 0}
--- !u!4 &4706846450056498
Transform:
  m_ObjectHideFlags: 1
  m_PrefabParentObject: {fileID: 0}
  m_PrefabInternal: {fileID: 100100000}
  m_GameObject: {fileID: 1285984604546584}
  m_LocalRotation: {x: 0.03733142, y: -0.22973529, z: -0.19587529, w: 0.95260745}
  m_LocalPosition: {x: -0.08363879, y: -0.0001245439, z: -0.000021740794}
  m_LocalScale: {x: 1.0000001, y: 1.0000002, z: 1.0000001}
  m_Children:
  - {fileID: 4248201983171142}
  m_Father: {fileID: 4438719979664320}
  m_RootOrder: 0
  m_LocalEulerAnglesHint: {x: 0, y: 0, z: 0}
--- !u!4 &4721501977573766
Transform:
  m_ObjectHideFlags: 1
  m_PrefabParentObject: {fileID: 0}
  m_PrefabInternal: {fileID: 100100000}
  m_GameObject: {fileID: 1953513199441586}
  m_LocalRotation: {x: -1.9999346e-13, y: -0.00000036202752, z: 0.1305262, w: 0.9914449}
  m_LocalPosition: {x: -0.07097161, y: -0.00005453825, z: -1.5126034e-10}
  m_LocalScale: {x: 1, y: 1, z: 1.0000001}
  m_Children:
  - {fileID: 4214471989821896}
  m_Father: {fileID: 4334206660309446}
  m_RootOrder: 2
  m_LocalEulerAnglesHint: {x: 0, y: 0, z: 0}
--- !u!4 &4763917391406564
Transform:
  m_ObjectHideFlags: 1
  m_PrefabParentObject: {fileID: 0}
  m_PrefabInternal: {fileID: 100100000}
  m_GameObject: {fileID: 1231552278731356}
  m_LocalRotation: {x: -0.000000016808347, y: 0.000000005452497, z: -0.5935258, w: 0.80481493}
  m_LocalPosition: {x: -0.11401088, y: 0, z: 0.000000007450581}
  m_LocalScale: {x: 0.99999994, y: 1, z: 1}
  m_Children:
  - {fileID: 4379968526510992}
  m_Father: {fileID: 4393305120111306}
  m_RootOrder: 0
  m_LocalEulerAnglesHint: {x: 0, y: 0, z: 0}
--- !u!4 &4785042594380418
Transform:
  m_ObjectHideFlags: 1
  m_PrefabParentObject: {fileID: 0}
  m_PrefabInternal: {fileID: 100100000}
  m_GameObject: {fileID: 1279837394670414}
  m_LocalRotation: {x: 0.032436527, y: -0.27484986, z: -0.19079368, w: 0.94180846}
  m_LocalPosition: {x: -0.108992964, y: -0.00008739531, z: -0.000015616417}
  m_LocalScale: {x: 1.0000001, y: 1, z: 1.0000001}
  m_Children:
  - {fileID: 4570418844524854}
  m_Father: {fileID: 4542867319582948}
  m_RootOrder: 0
  m_LocalEulerAnglesHint: {x: 0, y: 0, z: 0}
--- !u!4 &4801284729988216
Transform:
  m_ObjectHideFlags: 1
  m_PrefabParentObject: {fileID: 0}
  m_PrefabInternal: {fileID: 100100000}
  m_GameObject: {fileID: 1411184395283664}
  m_LocalRotation: {x: 0.7175519, y: -0.68097484, z: -0.14619966, w: -0.00426905}
  m_LocalPosition: {x: 0.038047448, y: -0.023015276, z: 0.085331134}
  m_LocalScale: {x: 1, y: 1.0000001, z: 1.0000001}
  m_Children:
  - {fileID: 4393305120111306}
  m_Father: {fileID: 4334206660309446}
  m_RootOrder: 0
  m_LocalEulerAnglesHint: {x: 0, y: 0, z: 0}
--- !u!4 &4830852973796650
Transform:
  m_ObjectHideFlags: 1
  m_PrefabParentObject: {fileID: 0}
  m_PrefabInternal: {fileID: 100100000}
  m_GameObject: {fileID: 1618366241894280}
  m_LocalRotation: {x: 1.8003863e-13, y: -0.00000018031679, z: 0.06501182, w: 0.9978845}
  m_LocalPosition: {x: -0.01959759, y: -0.000015459955, z: -4.291678e-11}
  m_LocalScale: {x: 1.0000001, y: 1.0000001, z: 1}
  m_Children:
  - {fileID: 4399759694347474}
  m_Father: {fileID: 4899756194910052}
  m_RootOrder: 0
  m_LocalEulerAnglesHint: {x: 0, y: 0, z: 0}
--- !u!4 &4835789013551834
Transform:
  m_ObjectHideFlags: 1
  m_PrefabParentObject: {fileID: 0}
  m_PrefabInternal: {fileID: 100100000}
  m_GameObject: {fileID: 1485194211613716}
  m_LocalRotation: {x: 0.000000025991023, y: -0.0000000049176054, z: -0.7071068, w: 0.7071068}
  m_LocalPosition: {x: -0.04103615, y: 0.060611337, z: -0.000000014901161}
  m_LocalScale: {x: 1, y: 1, z: 1}
  m_Children:
  - {fileID: 4493159061237202}
  m_Father: {fileID: 4416949306773276}
  m_RootOrder: 0
  m_LocalEulerAnglesHint: {x: 0, y: 0, z: 0}
--- !u!4 &4856345198288732
Transform:
  m_ObjectHideFlags: 1
  m_PrefabParentObject: {fileID: 0}
  m_PrefabInternal: {fileID: 100100000}
  m_GameObject: {fileID: 1804637364405280}
  m_LocalRotation: {x: 0, y: -0.7071068, z: 0, w: 0.7071068}
  m_LocalPosition: {x: 0, y: 0, z: 0}
  m_LocalScale: {x: 1, y: 1, z: 1}
  m_Children:
  - {fileID: 4509650443038996}
  - {fileID: 4570800518035884}
  m_Father: {fileID: 4154032480940572}
  m_RootOrder: 0
  m_LocalEulerAnglesHint: {x: 0, y: -90, z: 0}
--- !u!4 &4899756194910052
Transform:
  m_ObjectHideFlags: 1
  m_PrefabParentObject: {fileID: 0}
  m_PrefabInternal: {fileID: 100100000}
  m_GameObject: {fileID: 1417160401494362}
  m_LocalRotation: {x: 4.7765793e-15, y: -0.00000018031679, z: 0.06501182, w: 0.9978845}
  m_LocalPosition: {x: -0.06935212, y: -0.013946682, z: 3.4631853e-10}
  m_LocalScale: {x: 1.0000001, y: 1.0000001, z: 1}
  m_Children:
  - {fileID: 4830852973796650}
  m_Father: {fileID: 4214471989821896}
  m_RootOrder: 0
  m_LocalEulerAnglesHint: {x: 0, y: 0, z: 0}
--- !u!4 &4968225431862588
Transform:
  m_ObjectHideFlags: 1
  m_PrefabParentObject: {fileID: 0}
  m_PrefabInternal: {fileID: 100100000}
  m_GameObject: {fileID: 1103644624145388}
  m_LocalRotation: {x: -0.037331436, y: 0.22973636, z: -0.19587396, w: 0.95260745}
  m_LocalPosition: {x: -0.08363873, y: -0.0001245588, z: 0.000021770597}
  m_LocalScale: {x: 1.0000001, y: 1, z: 1}
  m_Children:
  - {fileID: 4570001999560320}
  m_Father: {fileID: 4288986960184598}
  m_RootOrder: 0
  m_LocalEulerAnglesHint: {x: 0, y: 0, z: 0}
--- !u!4 &4970417729514782
Transform:
  m_ObjectHideFlags: 1
  m_PrefabParentObject: {fileID: 0}
  m_PrefabInternal: {fileID: 100100000}
  m_GameObject: {fileID: 1967290429465870}
  m_LocalRotation: {x: -0, y: -0.9998766, z: -0, w: 0.015713481}
  m_LocalPosition: {x: 0.009, y: 0.773, z: 0.222}
  m_LocalScale: {x: 0.010000003, y: 0.01, z: 0.010000003}
  m_Children: []
  m_Father: {fileID: 4154032480940572}
  m_RootOrder: 1
  m_LocalEulerAnglesHint: {x: 0, y: 181.801, z: 0}
--- !u!4 &4996651520417758
Transform:
  m_ObjectHideFlags: 1
  m_PrefabParentObject: {fileID: 0}
  m_PrefabInternal: {fileID: 100100000}
  m_GameObject: {fileID: 1313719477455142}
  m_LocalRotation: {x: -2.013208e-15, y: 1.2327343e-31, z: 1, w: 6.123234e-17}
  m_LocalPosition: {x: -0.05697076, y: -4.656613e-10, z: 0.000000014901161}
  m_LocalScale: {x: -1.0000001, y: -1.0000001, z: -1.0000001}
  m_Children: []
  m_Father: {fileID: 4437753279904352}
  m_RootOrder: 0
  m_LocalEulerAnglesHint: {x: 0, y: 0, z: 0}
--- !u!23 &23668500956590424
MeshRenderer:
  m_ObjectHideFlags: 1
  m_PrefabParentObject: {fileID: 0}
  m_PrefabInternal: {fileID: 100100000}
  m_GameObject: {fileID: 1967290429465870}
  m_Enabled: 1
  m_CastShadows: 1
  m_ReceiveShadows: 1
  m_DynamicOccludee: 1
  m_MotionVectors: 1
  m_LightProbeUsage: 1
  m_ReflectionProbeUsage: 1
  m_Materials:
  - {fileID: 10100, guid: 0000000000000000e000000000000000, type: 0}
  m_StaticBatchInfo:
    firstSubMesh: 0
    subMeshCount: 0
  m_StaticBatchRoot: {fileID: 0}
  m_ProbeAnchor: {fileID: 0}
  m_LightProbeVolumeOverride: {fileID: 0}
  m_ScaleInLightmap: 1
  m_PreserveUVs: 0
  m_IgnoreNormalsForChartDetection: 0
  m_ImportantGI: 0
  m_StitchLightmapSeams: 0
  m_SelectedEditorRenderState: 3
  m_MinimumChartSize: 4
  m_AutoUVMaxDistance: 0.5
  m_AutoUVMaxAngle: 89
  m_LightmapParameters: {fileID: 0}
  m_SortingLayerID: 0
  m_SortingLayer: 0
  m_SortingOrder: 0
--- !u!65 &65783963686187860
BoxCollider:
  m_ObjectHideFlags: 1
  m_PrefabParentObject: {fileID: 0}
  m_PrefabInternal: {fileID: 100100000}
  m_GameObject: {fileID: 1511196955034500}
  m_Material: {fileID: 0}
  m_IsTrigger: 0
  m_Enabled: 1
  serializedVersion: 2
  m_Size: {x: 0.51571774, y: 0.59764796, z: 0.5037779}
  m_Center: {x: 0.010134012, y: 0.32616165, z: 0.02951398}
--- !u!82 &82404600468269590
AudioSource:
  m_ObjectHideFlags: 1
  m_PrefabParentObject: {fileID: 0}
  m_PrefabInternal: {fileID: 100100000}
  m_GameObject: {fileID: 1511196955034500}
  m_Enabled: 1
  serializedVersion: 4
  OutputAudioMixerGroup: {fileID: 0}
  m_audioClip: {fileID: 8300000, guid: 9b0f5dfbbfa94a348a89c1994510cdb8, type: 3}
  m_PlayOnAwake: 1
  m_Volume: 1
  m_Pitch: 1
  Loop: 0
  Mute: 0
  Spatialize: 0
  SpatializePostEffects: 0
  Priority: 128
  DopplerLevel: 1
  MinDistance: 1
  MaxDistance: 500
  Pan2D: 0
  rolloffMode: 0
  BypassEffects: 0
  BypassListenerEffects: 0
  BypassReverbZones: 0
  rolloffCustomCurve:
    serializedVersion: 2
    m_Curve:
    - serializedVersion: 2
      time: 0
      value: 1
      inSlope: 0
      outSlope: 0
      tangentMode: 0
    - serializedVersion: 2
      time: 1
      value: 0
      inSlope: 0
      outSlope: 0
      tangentMode: 0
    m_PreInfinity: 2
    m_PostInfinity: 2
    m_RotationOrder: 4
  panLevelCustomCurve:
    serializedVersion: 2
    m_Curve:
    - serializedVersion: 2
      time: 0
      value: 1
      inSlope: 0
      outSlope: 0
      tangentMode: 0
    m_PreInfinity: 2
    m_PostInfinity: 2
    m_RotationOrder: 0
  spreadCustomCurve:
    serializedVersion: 2
    m_Curve:
    - serializedVersion: 2
      time: 0
      value: 0
      inSlope: 0
      outSlope: 0
      tangentMode: 0
    m_PreInfinity: 2
    m_PostInfinity: 2
    m_RotationOrder: 4
  reverbZoneMixCustomCurve:
    serializedVersion: 2
    m_Curve:
    - serializedVersion: 2
      time: 0
      value: 1
      inSlope: 0
      outSlope: 0
      tangentMode: 0
    m_PreInfinity: 2
    m_PostInfinity: 2
    m_RotationOrder: 0
--- !u!95 &95203243479928090
Animator:
  serializedVersion: 3
  m_ObjectHideFlags: 1
  m_PrefabParentObject: {fileID: 0}
  m_PrefabInternal: {fileID: 100100000}
  m_GameObject: {fileID: 1804637364405280}
  m_Enabled: 1
  m_Avatar: {fileID: 9000000, guid: aefc6d20bc0b11845b72818de0258a1f, type: 3}
  m_Controller: {fileID: 9100000, guid: ca5c6d61bfa619f40a60db200fb5eff3, type: 2}
  m_CullingMode: 1
  m_UpdateMode: 0
  m_ApplyRootMotion: 0
  m_LinearVelocityBlending: 0
  m_WarningMessage: 
  m_HasTransformHierarchy: 1
  m_AllowConstantClipSamplingOptimization: 1
--- !u!102 &102971201426815090
TextMesh:
  serializedVersion: 3
  m_ObjectHideFlags: 1
  m_PrefabParentObject: {fileID: 0}
  m_PrefabInternal: {fileID: 100100000}
  m_GameObject: {fileID: 1967290429465870}
  m_Text: 'Gaze on me and say "Hello"

    to start talking'
  m_OffsetZ: 0
  m_CharacterSize: 1
  m_LineSpacing: 1
  m_Anchor: 4
  m_Alignment: 1
  m_TabSize: 4
  m_FontSize: 48
  m_FontStyle: 0
  m_RichText: 1
  m_Font: {fileID: 10102, guid: 0000000000000000e000000000000000, type: 0}
  m_Color:
    serializedVersion: 2
    rgba: 4294967295
--- !u!114 &114190705899047264
MonoBehaviour:
  m_ObjectHideFlags: 1
  m_PrefabParentObject: {fileID: 0}
  m_PrefabInternal: {fileID: 100100000}
  m_GameObject: {fileID: 1511196955034500}
  m_Enabled: 1
  m_EditorHideFlags: 0
  m_Script: {fileID: 11500000, guid: d4a84d6ede8cbef4babd584846c79f49, type: 3}
  m_Name: 
  m_EditorClassIdentifier: 
  blinkShapeIndex: 2
  blinkDuration: 0.12
  blinkInterval: 4
  skinnedMesh: {fileID: 0}
  randomIntervalTime: 0.3
--- !u!114 &114256535294575660
MonoBehaviour:
  m_ObjectHideFlags: 1
  m_PrefabParentObject: {fileID: 0}
  m_PrefabInternal: {fileID: 100100000}
  m_GameObject: {fileID: 1511196955034500}
  m_Enabled: 1
  m_EditorHideFlags: 0
  m_Script: {fileID: 11500000, guid: c4004f570fdd54a4090d9bd52367cd77, type: 3}
  m_Name: 
  m_EditorClassIdentifier: 
  FocusEnterEvent:
    m_PersistentCalls:
      m_Calls: []
    m_TypeName: UnityEngine.Events.UnityEvent, UnityEngine.CoreModule, Version=0.0.0.0,
      Culture=neutral, PublicKeyToken=null
  FocusLostEvent:
    m_PersistentCalls:
      m_Calls: []
    m_TypeName: UnityEngine.Events.UnityEvent, UnityEngine.CoreModule, Version=0.0.0.0,
      Culture=neutral, PublicKeyToken=null
--- !u!114 &114386581439831440
MonoBehaviour:
  m_ObjectHideFlags: 1
  m_PrefabParentObject: {fileID: 0}
  m_PrefabInternal: {fileID: 100100000}
  m_GameObject: {fileID: 1511196955034500}
  m_Enabled: 1
  m_EditorHideFlags: 0
  m_Script: {fileID: 11500000, guid: f44554d8276d9bc438a78cedad7f2d75, type: 3}
  m_Name: 
  m_EditorClassIdentifier: 
  wanderEnabled: 1
  aiType: 0
  centerPos: {x: 0, y: 0, z: 0}
  wanderingRange: 3
  speed: 1
  model: {fileID: 4856345198288732}
  angleError: 30
  wanderThinkInterval: 5
  wanderAppearChance: 0.389
  wanderDuration: 2
  wandering: 0
  debugVisible: 0
--- !u!114 &114410772724468758
MonoBehaviour:
  m_ObjectHideFlags: 1
  m_PrefabParentObject: {fileID: 0}
  m_PrefabInternal: {fileID: 100100000}
  m_GameObject: {fileID: 1511196955034500}
  m_Enabled: 1
  m_EditorHideFlags: 0
  m_Script: {fileID: 11500000, guid: d8bb5d6958ea1b04695112467b6efd23, type: 3}
  m_Name: 
  m_EditorClassIdentifier: 
--- !u!114 &114418239836925820
MonoBehaviour:
  m_ObjectHideFlags: 1
  m_PrefabParentObject: {fileID: 0}
  m_PrefabInternal: {fileID: 100100000}
  m_GameObject: {fileID: 1511196955034500}
  m_Enabled: 1
  m_EditorHideFlags: 0
  m_Script: {fileID: 11500000, guid: ca6f3b91ea1f9634db308846d1cdfb7e, type: 3}
  m_Name: 
  m_EditorClassIdentifier: 
  audioSource: {fileID: 82404600468269590}
  voice: 3
--- !u!114 &114458170053190228
MonoBehaviour:
  m_ObjectHideFlags: 1
  m_PrefabParentObject: {fileID: 0}
  m_PrefabInternal: {fileID: 100100000}
  m_GameObject: {fileID: 1511196955034500}
  m_Enabled: 1
  m_EditorHideFlags: 0
  m_Script: {fileID: 11500000, guid: 77e778ab36ae5f548978441e3f70149a, type: 3}
  m_Name: 
  m_EditorClassIdentifier: 
  talkActionMapper:
  - actionName: Happy
    texts:
    - happy
    - nice
  - actionName: Sad
    texts:
    - sad
    - bad
  - actionName: Surprised
    texts:
    - hi
    - hello
  - actionName: Yell
    texts:
    - yell
    - fly
  - actionName: Idle
    texts: []
--- !u!114 &114574960180983158
MonoBehaviour:
  m_ObjectHideFlags: 1
  m_PrefabParentObject: {fileID: 0}
  m_PrefabInternal: {fileID: 100100000}
  m_GameObject: {fileID: 1511196955034500}
  m_Enabled: 1
  m_EditorHideFlags: 0
  m_Script: {fileID: 11500000, guid: e507eeef519897e4d963208c25e927d6, type: 3}
  m_Name: 
  m_EditorClassIdentifier: 
  m_PhonemeList: []
  m_originText: 
  isTalking: 0
  clickToMove: {fileID: 0}
  talkDictionary: {fileID: 0}
  headTransform: {fileID: 4398856641264766}
  animator: {fileID: 95203243479928090}
  skinnedMesh: {fileID: 137612769599088940}
--- !u!114 &114679302282332924
MonoBehaviour:
  m_ObjectHideFlags: 1
  m_PrefabParentObject: {fileID: 0}
  m_PrefabInternal: {fileID: 100100000}
  m_GameObject: {fileID: 1511196955034500}
  m_Enabled: 1
  m_EditorHideFlags: 0
  m_Script: {fileID: 11500000, guid: eb4fa562d67034868a9aafbe4b663012, type: 3}
  m_Name: 
  m_EditorClassIdentifier: 
  rootNode: {fileID: 4856345198288732}
  segments:
  - firstTransform: {fileID: 4399759694347474}
    lastTransform: {fileID: 4398856641264766}
    thresholdAngleDifference: -9.5
    bendingMultiplier: 0.7
    maxAngleDifference: 30
    maxBendingAngle: 65
    responsiveness: 4
  nonAffectedJoints: []
  headLookVector: {x: 0, y: 0, z: -1}
  headUpVector: {x: 0, y: 1, z: 0}
  target: {x: 0, y: 0, z: 0}
  effect: 1
  overrideAnimation: 0
--- !u!114 &114724324299956484
MonoBehaviour:
  m_ObjectHideFlags: 1
  m_PrefabParentObject: {fileID: 0}
  m_PrefabInternal: {fileID: 100100000}
  m_GameObject: {fileID: 1511196955034500}
  m_Enabled: 1
  m_EditorHideFlags: 0
  m_Script: {fileID: 11500000, guid: 75414479818417c4293221097535d492, type: 3}
  m_Name: 
  m_EditorClassIdentifier: 
  initialSilenceTimeout: 5
  autoSilenceTimeout: 5
  recordingTime: 5
  intelligentManager: {fileID: 0}
  speechToTextOutput: {fileID: 102971201426815090}
--- !u!114 &114762938873461964
MonoBehaviour:
  m_ObjectHideFlags: 1
  m_PrefabParentObject: {fileID: 0}
  m_PrefabInternal: {fileID: 100100000}
  m_GameObject: {fileID: 1511196955034500}
  m_Enabled: 1
  m_EditorHideFlags: 0
  m_Script: {fileID: 11500000, guid: 58625aa2ab5e9564289c57e8ce3923be, type: 3}
  m_Name: 
  m_EditorClassIdentifier: 
  intelligentManager: {fileID: 0}
--- !u!114 &114873308481496250
MonoBehaviour:
  m_ObjectHideFlags: 1
  m_PrefabParentObject: {fileID: 0}
  m_PrefabInternal: {fileID: 100100000}
  m_GameObject: {fileID: 1511196955034500}
  m_Enabled: 1
  m_EditorHideFlags: 0
  m_Script: {fileID: 11500000, guid: 8da2e5ef10a171743a26b61518fa0992, type: 3}
  m_Name: 
  m_EditorClassIdentifier: 
  moveSpeed: 1
  rotateSpeed: 360
  isMoving: 0
--- !u!114 &114909834660091214
MonoBehaviour:
  m_ObjectHideFlags: 1
  m_PrefabParentObject: {fileID: 0}
  m_PrefabInternal: {fileID: 100100000}
  m_GameObject: {fileID: 1511196955034500}
  m_Enabled: 1
  m_EditorHideFlags: 0
  m_Script: {fileID: 11500000, guid: e7d6513c2cdf97f409654a2a4114d9b1, type: 3}
  m_Name: 
  m_EditorClassIdentifier: 
  Keywords:
  - Keyword: Hello
    Response:
      m_PersistentCalls:
        m_Calls:
        - m_Target: {fileID: 114724324299956484}
          m_MethodName: StartCommunication
          m_Mode: 1
          m_Arguments:
            m_ObjectArgument: {fileID: 0}
            m_ObjectArgumentAssemblyTypeName: UnityEngine.Object, UnityEngine
            m_IntArgument: 0
            m_FloatArgument: 0
            m_StringArgument: 
            m_BoolArgument: 0
          m_CallState: 2
      m_TypeName: UnityEngine.Events.UnityEvent, UnityEngine.CoreModule, Version=0.0.0.0,
        Culture=neutral, PublicKeyToken=null
  - Keyword: Show me your face
    Response:
      m_PersistentCalls:
        m_Calls:
        - m_Target: {fileID: 114762938873461964}
          m_MethodName: ShowFace
          m_Mode: 1
          m_Arguments:
            m_ObjectArgument: {fileID: 0}
            m_ObjectArgumentAssemblyTypeName: UnityEngine.Object, UnityEngine
            m_IntArgument: 0
            m_FloatArgument: 0
            m_StringArgument: 
            m_BoolArgument: 0
          m_CallState: 2
      m_TypeName: UnityEngine.Events.UnityEvent, UnityEngine.CoreModule, Version=0.0.0.0,
        Culture=neutral, PublicKeyToken=null
  IsGlobalListener: 0
  PersistentKeywords: 0
--- !u!137 &137612769599088940
SkinnedMeshRenderer:
  m_ObjectHideFlags: 1
  m_PrefabParentObject: {fileID: 0}
  m_PrefabInternal: {fileID: 100100000}
  m_GameObject: {fileID: 1171650879860490}
  m_Enabled: 1
  m_CastShadows: 1
  m_ReceiveShadows: 1
  m_DynamicOccludee: 1
  m_MotionVectors: 1
  m_LightProbeUsage: 1
  m_ReflectionProbeUsage: 1
  m_Materials:
  - {fileID: 2100000, guid: adae2bb5f484b164e99b1dc9819de9af, type: 2}
  m_StaticBatchInfo:
    firstSubMesh: 0
    subMeshCount: 0
  m_StaticBatchRoot: {fileID: 0}
  m_ProbeAnchor: {fileID: 0}
  m_LightProbeVolumeOverride: {fileID: 0}
  m_ScaleInLightmap: 1
  m_PreserveUVs: 0
  m_IgnoreNormalsForChartDetection: 0
  m_ImportantGI: 0
  m_StitchLightmapSeams: 0
  m_SelectedEditorRenderState: 3
  m_MinimumChartSize: 4
  m_AutoUVMaxDistance: 0.5
  m_AutoUVMaxAngle: 89
  m_LightmapParameters: {fileID: 0}
  m_SortingLayerID: 0
  m_SortingLayer: 0
  m_SortingOrder: 0
  serializedVersion: 2
  m_Quality: 0
  m_UpdateWhenOffscreen: 0
  m_SkinnedMotionVectors: 1
  m_Mesh: {fileID: 4300000, guid: aefc6d20bc0b11845b72818de0258a1f, type: 3}
  m_Bones:
  - {fileID: 4398856641264766}
  - {fileID: 4899756194910052}
  - {fileID: 4830852973796650}
  - {fileID: 4399759694347474}
  - {fileID: 4334206660309446}
  - {fileID: 4721501977573766}
  - {fileID: 4214471989821896}
  - {fileID: 4570800518035884}
  - {fileID: 4428250525572440}
  - {fileID: 4302964723254224}
  - {fileID: 4090498866784108}
  - {fileID: 4801284729988216}
  - {fileID: 4043330329862192}
  - {fileID: 4261302028834668}
  - {fileID: 4065981173858974}
  - {fileID: 4292899512078558}
  - {fileID: 4218629122030826}
  - {fileID: 4835789013551834}
  - {fileID: 4416949306773276}
  - {fileID: 4187876290706984}
  - {fileID: 4458398911557276}
  - {fileID: 4288986960184598}
  - {fileID: 4968225431862588}
  - {fileID: 4542867319582948}
  - {fileID: 4393305120111306}
  - {fileID: 4763917391406564}
  - {fileID: 4379968526510992}
  - {fileID: 4437753279904352}
  - {fileID: 4785042594380418}
  - {fileID: 4570418844524854}
  - {fileID: 4438719979664320}
  - {fileID: 4706846450056498}
  m_BlendShapeWeights: []
  m_RootBone: {fileID: 4570800518035884}
  m_AABB:
    m_Center: {x: -0.02421379, y: -0.0034372807, z: 0.071637794}
    m_Extent: {x: 0.3829791, y: 0.5898116, z: 0.35868448}
  m_DirtyAABB: 0
